@article{nash1950bargaining,
  title={The bargaining problem},
  author={Nash, John F},
  journal={Econometrica: Journal of the Econometric Society},
  pages={155--162},
  year={1950},
  publisher={JSTOR}
},
@article{nash1951non,
  title={Non-cooperative games},
  author={Nash, John F},
  journal={Annals of mathematics},
  pages={286--295},
  year={1951},
  publisher={JSTOR}
},
@article{nash1950equilibrium,
  title={Equilibrium points in n-person games},
  author={Nash, John F},
  year={1950},
  pages={48--49},
  journal={Proceedings of the National Academy of Sciences of the United States of America},
  volume={36},
  publisher={National Academy of Sciences}
},
@book{von1952theory,
  title={The theory of the market economy},
  author={Von Stackelberg, Heinrich},
  year={1952},
  publisher={Oxford University Press}
},
@techreport{shapley1952value,
  title={A value for n-person games},
  author={Shapley, Lloyd S},
  year={1952},
  institution={DTIC Document}
},
@article{lemke1964equilibrium,
  title={Equilibrium points of bimatrix games},
  author={Lemke, Carlton E and Howson, Jr, Joseph T},
  journal={Journal of the Society for Industrial and Applied Mathematics},
  volume={12},
  number={2},
  pages={413--423},
  year={1964},
  publisher={SIAM}
},
@inproceedings{lafrance1971evaluation,
  title={An evaluation of electrical systems for hybrid vehicles},
  author={LaFrance, BC and Schult, RW},
  booktitle={Vehicular Technology Conference, 1971. 22nd IEEE},
  volume={22},
  pages={320--325},
  year={1971},
  organization={IEEE}
},
@article{lafrance1973electrical,
  title={Electrical systems for hybrid vehicles},
  author={LaFrance, RC and Schult, RW},
  journal={Vehicular Technology, IEEE Transactions on},
  volume={22},
  number={1},
  pages={13--19},
  year={1973},
  publisher={IEEE}
},
@book{shapley1974note,
  title={A note on the Lemke-Howson algorithm},
  author={Shapley, Lloyd S},
  year={1974},
  publisher={Springer}
},
@article{kalai1975other,
  title={Other solutions to Nash's bargaining problem},
  author={Kalai, Ehud and Smorodinsky, Meir},
  journal={Econometrica: Journal of the Econometric Society},
  pages={513--518},
  year={1975},
  publisher={JSTOR}
},
@article{burch1999advisor,
  title={ADVISOR 2.1 Documentation},
  author={Burch, Steve and Cuddy, Matt and Markel, T},
  journal={National Renewable Energy Laboratory},
  year={1999}
},
@online{argonne1999,
  author = {{Argonne National Laboratory}},
  title = {Performance and Emissions of The Toyota Prius},
  year = {1999},
  url = {http://www.selidori.com/tech/00000-04999/472-9tdlU.pdf},
  urldate = {2016-06-10}
}
@inproceedings{gielniak2004power,
  title={Power management strategy based on game theory for fuel cell hybrid electric vehicles},
  author={Gielniak, Michael J and Shen, Z John},
  booktitle={Vehicular Technology Conference, 2004. VTC2004-Fall. 2004 IEEE 60th},
  volume={6},
  pages={4422--4426},
  year={2004},
  organization={IEEE}
},
@book{holler2006einfuhrung,
  title={Einfuehrung in die Spieltheorie},
  author={Holler, Manfred J and Illing, Gerhard},
  year={2006},
  publisher={Springer-Verlag}
},
@book{nisan2007algorithmic,
  title={Algorithmic game theory},
  author={Nisan, Noam and Roughgarden, Tim and Tardos, Eva and Vazirani, Vijay V},
  volume={1},
  year={2007},
  publisher={Cambridge University Press Cambridge}
},
@inproceedings{chin2010design,
  title={Design of power controller for hybrid vehicle},
  author={Chin, Hubert H and Jafari, Ayat A},
  booktitle={System Theory (SSST), 2010 42nd Southeastern Symposium on},
  pages={165--170},
  year={2010},
  organization={IEEE}
},
@inproceedings{dextreit2010approaches,
  title={Approaches to energy management of hybrid electric vehicles: Experimental comparison},
  author={Dextreit, C and Kolmanovsky, Ilya},
  booktitle={Control 2010, UKACC International Conference on},
  pages={1--6},
  year={2010},
  organization={IET}
},
@online{npg,
  author = {Chatterjee, Bapi},
  title = {n-person game},
  year = {2010},
  url = {http://www.mathworks.com/matlabcentral/fileexchange/27837-n-person-game/content/npg/npg.m},
  urldate = {2016-05-12}
},
@inproceedings{chen2014game,
  title={Game-theoretic approach for complete vehicle energy management},
  author={Chen, H and Kessels, JTBA and Donkers, MCF and Weiland, S},
  booktitle={Vehicle Power and Propulsion Conference (VPPC), 2014 IEEE},
  pages={1--6},
  year={2014},
  organization={IEEE}
},
@article{dextreit2014game,
  title={Game theory controller for hybrid electric vehicles},
  author={Dextreit, Clement and Kolmanovsky, Ilya V},
  journal={Control Systems Technology, IEEE Transactions on},
  volume={22},
  number={2},
  pages={652--663},
  year={2014},
  publisher={IEEE}
},
@inbook{ferguson2014game,
  title={Game theory},
  author={Ferguson, Thomas},
  journal={Mathematics Department, UCLA},
  chapter={4. Games in Coalitional Form},
  volume={2014},
  edition={2},
  year={2014}
},
@online{lemkeHowson2014Matlab,
  author = {Katzwer,Richard},
  title = {Lemke-Howson Algorithm for 2-Player Games},
  year = 2014,
  url = {http://www.mathworks.com/matlabcentral/fileexchange/44279-lemke-howson-algorithm-for-2-player-games},
  urldate = {2016-03-08}
},
@inproceedings{chen2015online,
  title={Online adaptive approach for a game-theoretic strategy for complete vehicle energy management},
  author={Chen, H and Kessels, JTBA and Weiland, S},
  booktitle={Control Conference (ECC), 2015 European},
  pages={135--141},
  year={2015},
  organization={IEEE}
},
@misc{planetaryGear,
    author = {Wikipedia},
    title = {Epicyclic gearing},
    year = {2006},
    urldate = {2016-06-03},
    url = {https://upload.wikimedia.org/wikipedia/commons/d/d5/Epicyclic_gear_ratios.png}
},
@online{batteryMatlab,
  author = {MathWorks},
  title = {Battery},
  year = {2016},
  url = {http://de.mathworks.com/help/physmod/sps/powersys/ref/battery.html},
  urldate = {2016-06-03}
},
@online{ac6Matlab,
  author = {MathWorks},
  title = {AC6 - 100 kW Interior Permanent Magnet Synchronous Motor Drive},
  year = {2016},
  url = {http://de.mathworks.com/help/physmod/sps/examples/ac6-100-kw-interior-permanent-magnet-synchronous-motor-drive.html},
  urldate = {2016-06-06}
},
@online{pmsmMatlab,
  author = {MathWorks},
  title = {Permanent Magnet Synchronous Machine},
  year = {2016},
  url = {http://de.mathworks.com/help/physmod/sps/powersys/ref/permanentmagnetsynchronousmachine.html},
  urldate = {2016-06-06}
},
@online{planetMatlab,
  author = {MathWorks},
  title = {Planetary Gear},
  year = {2016},
  url = {http://de.mathworks.com/help/physmod/sdl/drive/planetarygear.html},
  urldate = {2016-06-07}
},
@online{tsdMatlab,
  author = {MathWorks},
  title = {Torsional Spring-Damper},
  year = {2016},
  url = {http://de.mathworks.com/help/physmod/sdl/drive/torsionalspringdamper.html},
  urldate = {2016-06-08}
},
@online{simpleGearMatlab,
  author = {MathWorks},
  title = {Simple Gear},
  year = {2016},
  url = {http://de.mathworks.com/help/physmod/sdl/drive/simplegear.html},
  urldate = {2016-06-08}
},
@online{differentialMatlab,
  author = {MathWorks},
  title = {Differential},
  year = {2016},
  url = {http://de.mathworks.com/help/physmod/sdl/drive/differential.html},
  urldate = {2016-06-08}
},
@online{tireMatlab,
  author = {MathWorks},
  title = {Tire},
  year = {2016},
  url = {http://de.mathworks.com/help/physmod/sdl/drive/tire.html},
  urldate = {2016-06-08}
},
@online{vehicleDynMatlab,
  author = {MathWorks},
  title = {Longitudinal Vehicle Dynamics},
  year = {2016},
  url = {http://de.mathworks.com/help/physmod/sdl/drive/longitudinalvehicledynamics.html},
  urldate = {2016-06-08}
},
